/home/ross/documents/Uni/zotero.bib